
@Article{Mathot2012,
author="Math{\^o}t, Sebastiaan
and Schreij, Daniel
and Theeuwes, Jan",
title="OpenSesame: An open-source, graphical experiment builder for the social sciences",
journal="Behavior Research Methods",
year="2012",
month="Jun",
day="01",
volume="44",
number="2",
pages="314--324",
abstract="In the present article, we introduce OpenSesame, a graphical experiment builder for the social sciences. OpenSesame is free, open-source, and cross-platform. It features a comprehensive and intuitive graphical user interface and supports Python scripting for complex tasks. Additional functionality, such as support for eyetrackers, input devices, and video playback, is available through plug-ins. OpenSesame can be used in combination with existing software for creating experiments.",
issn="1554-3528",
doi="10.3758/s13428-011-0168-7",
url="https://doi.org/10.3758/s13428-011-0168-7"
}

